<?xml version="1.0" encoding="UTF-8"?><collection xmlns="http://www.loc.gov/MARC21/slim"><record><leader>00412nam--2200121-i-4500</leader><controlfield tag="001">000026729</controlfield><controlfield tag="002">20161230</controlfield><controlfield tag="005">20161230201036</controlfield><controlfield tag="008">060222s1000------------r-----000-0-eng-d</controlfield><datafield ind1=" " ind2=" " tag="080"><subfield code="a">621.1.01</subfield></datafield><datafield ind1=" " ind2=" " tag="245"><subfield code="a">Instructiuni tehnice pt.construirea, repararea, instalarea, functionarea si controlul recipientelor.. ed.oficiala</subfield></datafield><datafield ind1=" " ind2=" " tag="260"><subfield code="a">Bucuresi, Dir.Generala Pt.Metrologi, Standarde Si Inventii, 1967. 10p</subfield></datafield><datafield ind1=" " ind2=" " tag="852"><subfield code="a">27045</subfield></datafield></record></collection>